@InProceedings{C2,
  author = 	 "Jones, C.D. and Smith, A.B. and Roberts, E.F.",
  title =        "Article Title",
  booktitle =        "Proceedings Title",
  organization = "IEEE",
  year = 	 "2003",
  volume = 	 "II",
  pages = 	 "803-806"
}


@article{vaswani2017attention,
	title={Attention is all you need},
	author={Vaswani, Ashish and Shazeer, Noam and Parmar, Niki and Uszkoreit, Jakob and Jones, Llion and Gomez, Aidan N and Kaiser, {\L}ukasz and Polosukhin, Illia},
	journal={Advances in neural information processing systems},
	volume={30},
	year={2017}
}

@InProceedings{zheng,
  author = 	 "Zheng, Yudian and Li, Guoliang and Li, Yuanbing and Shan, Caihua and Cheng, Reynold",
  title =        "Truth Inference in Crowdsourcing: Is the Problem Solved?",
  booktitle =        "Proceedings of the VLDB Endowment",
  year = 	 "2017",
  volume = 	 "10",
  pages = 	 "541-552"
}

@InProceedings{em,
  author = 	 "Dempster, A and Laird, N and Rubin, D",
  title =        "Maximum likelihood from incomplete data via the em algorithm",
  booktitle =        "Journal of the royal statistical society",
  year = 	 "1977",
  pages = 	 "1-38",
  series = "B (methodological)"
}

@InProceedings{ds,
  author = 	 "Dawid, A and Skene, A",
  title =        "Maximum likelihood estimation of observer error-rates using the em algorithm",
  booktitle =        "Applied statistics",
  year = 	 "1979",
  pages = 	 "20-28",
}

@InProceedings{bcc,
  author = 	 "Kim, H, -C and Ghahramani, Z",
  title =        "Bayesian classifier combination",
  booktitle =        "AISTATS",
  year = 	 "2012",
  pages = 	 "619-627",
}

@InProceedings{lfc,
  author = 	 "Raykar, V and Yu, S and Zhao, L and Valadez, G and Florin, C and Bogoni, L and Moy, L",
  title =        "Learning from crowds",
  booktitle =        "JMLR",
  year = 	 "2010",
  pages = 	 "1297-1322",
}
